<?xml version="1.0"?>
<marc:records xmlns:marc="http://www.loc.gov/MARC21/slim" xmlns:xsi="http://www.w3.org/2001/XMLSchema-instance" xsi:schemaLocation="http://www.loc.gov/MARC21/slim http://www.loc.gov/standards/marcxml/schema/MARC21slim.xsd">
  <marc:record>
    <marc:leader>05594ctm a2200637Ia 4500</marc:leader>
    <marc:controlfield tag="001">9944235523503681</marc:controlfield>
    <marc:controlfield tag="005">20200226131622.0</marc:controlfield>
    <marc:controlfield tag="008">081202s1735    xx            000 0 ara d</marc:controlfield>
    <marc:datafield ind1=" " ind2=" " tag="035">
  <marc:subfield code="a">(OCoLC)276878167</marc:subfield>
</marc:datafield>
    <marc:datafield ind1=" " ind2=" " tag="035">
  <marc:subfield code="a">(OCoLC)ocn276878167</marc:subfield>
</marc:datafield>
    <marc:datafield ind1=" " ind2=" " tag="040">
  <marc:subfield code="a">PAU</marc:subfield>
  <marc:subfield code="b">eng</marc:subfield>
  <marc:subfield code="c">PAU</marc:subfield>
  <marc:subfield code="d">OCLCQ</marc:subfield>
  <marc:subfield code="d">OCLCA</marc:subfield>
  <marc:subfield code="d">OCLCQ</marc:subfield>
  <marc:subfield code="d">PAU</marc:subfield>
</marc:datafield>
    <marc:datafield ind1=" " ind2="9" tag="099">
  <marc:subfield code="a">CAJS Rar Ms 138</marc:subfield>
</marc:datafield>
    <marc:datafield ind1="0" ind2=" " tag="100">
  <marc:subfield code="6">880-01</marc:subfield>
  <marc:subfield code="a">Birgivi&#x302; Mehmet Efendi,</marc:subfield>
  <marc:subfield code="d">approximately 1522-1573.</marc:subfield>
</marc:datafield>
    <marc:datafield ind1="1" ind2="0" tag="240">
  <marc:subfield code="6">880-02</marc:subfield>
  <marc:subfield code="a">T&#x323;ari&#x304;qah al-Muh&#x323;ammadi&#x304;yah.</marc:subfield>
</marc:datafield>
    <marc:datafield ind1="1" ind2="0" tag="245">
  <marc:subfield code="6">880-03</marc:subfield>
  <marc:subfield code="a">Ha&#x304;dha&#x304; kita&#x304;b T&#x323;ari&#x304;qah Muh&#x323;ammadi&#x304;yah wa-siyar ah&#x323;madi&#x304;yah.</marc:subfield>
</marc:datafield>
    <marc:datafield ind1="3" ind2="0" tag="246">
  <marc:subfield code="a">T&#x323;ari&#x304;qah Muh&#x323;ammadi&#x304;yah wa-siyar ah&#x323;madi&#x304;yah.</marc:subfield>
</marc:datafield>
    <marc:datafield ind1="3" ind2="0" tag="246">
  <marc:subfield code="a">&#x637;&#x631;&#x64A;&#x642;&#x629; &#x645;&#x62D;&#x645;&#x62F;&#x64A;&#x629; &#x648;&#x633;&#x64A;&#x631; &#x627;&#x62D;&#x645;&#x62F;&#x64A;&#x629;.</marc:subfield>
</marc:datafield>
    <marc:datafield ind1=" " ind2=" " tag="260">
  <marc:subfield code="c">A.H. 1147 (1735)</marc:subfield>
</marc:datafield>
    <marc:datafield ind1=" " ind2=" " tag="300">
  <marc:subfield code="a">182 leaves :</marc:subfield>
  <marc:subfield code="b">paper ;</marc:subfield>
  <marc:subfield code="c">216-220 x 144 mm bound to 219 x 152 mm.</marc:subfield>
</marc:datafield>
    <marc:datafield ind1=" " ind2=" " tag="336">
  <marc:subfield code="a">text</marc:subfield>
  <marc:subfield code="b">txt</marc:subfield>
  <marc:subfield code="2">rdacontent</marc:subfield>
</marc:datafield>
    <marc:datafield ind1=" " ind2=" " tag="337">
  <marc:subfield code="a">unmediated</marc:subfield>
  <marc:subfield code="b">n</marc:subfield>
  <marc:subfield code="2">rdamedia</marc:subfield>
</marc:datafield>
    <marc:datafield ind1=" " ind2=" " tag="338">
  <marc:subfield code="a">volume</marc:subfield>
  <marc:subfield code="b">nc</marc:subfield>
  <marc:subfield code="2">rdacarrier</marc:subfield>
</marc:datafield>
    <marc:datafield ind1=" " ind2=" " tag="500">
  <marc:subfield code="a">Ms. codex.</marc:subfield>
</marc:datafield>
    <marc:datafield ind1=" " ind2=" " tag="500">
  <marc:subfield code="a">Title from caption title (f. 1v).</marc:subfield>
</marc:datafield>
    <marc:datafield ind1=" " ind2=" " tag="500">
  <marc:subfield code="a">Foliation: Foliation in Hindu-Arabic numerals in ink, upper left recto, [v], 1-177, [178]. Catchwords on versos, lower left corner.</marc:subfield>
</marc:datafield>
    <marc:datafield ind1=" " ind2=" " tag="500">
  <marc:subfield code="a">Layout: Written in 17 lines per page in black and red ink with occasional marginalia. Folios [i] verso through [v] verso ruled in red as a grid (136-145 x 77-91 mm.) primarily of 6 x 4 squares ([i] verso: 7 x 4; [ii] recto: 7 x 5); folios 1-177 have text area frame-ruled in red; text ruled in blind; outer bounding line ruled in blind on many leaves.</marc:subfield>
</marc:datafield>
    <marc:datafield ind1=" " ind2=" " tag="500">
  <marc:subfield code="a">Script: Written in nasta&#x2BB;liq in black ink; pointed.</marc:subfield>
</marc:datafield>
    <marc:datafield ind1=" " ind2=" " tag="500">
  <marc:subfield code="a">Decoration: A few section ends have additional diagonal red rules within frame.</marc:subfield>
</marc:datafield>
    <marc:datafield ind1=" " ind2=" " tag="500">
  <marc:subfield code="a">Binding: Full brown leather with fore-edge flap and envelope flap; boards blind-stamped with central mandorla and cornerpieces; flap also blind-stamped; fore-edge flap lined with blind-tooled leather; envelope flap lined with yellow paper; yellow paper pastedowns.</marc:subfield>
</marc:datafield>
    <marc:datafield ind1=" " ind2=" " tag="500">
  <marc:subfield code="a">Condition: Copy has occasional dampstaining of leaves throughout with minor damage to text; dampstaining of lower portion of some leaves with damage to text and marginalia (f. 8-11, 148-162); dampstaining of upper portion of a few leaves with some damage to text (f. 72-76). Rust-staining at head margin (f. [i-ii]). A few leaves ink-smeared (f. 89v-90r). A few leaves stained with some loss of text (f. 113-114).</marc:subfield>
</marc:datafield>
    <marc:datafield ind1=" " ind2=" " tag="500">
  <marc:subfield code="a">Origin: Completed in the month of Shawwal in the year 1147 by Mus&#x323;t&#x323;afa&#x301; ibn Sulayma&#x304;n al-Qays&#x323;ari&#x304; al-Jari&#x304;m (f. 177r).</marc:subfield>
</marc:datafield>
    <marc:datafield ind1=" " ind2=" " tag="500">
  <marc:subfield code="a">Partially effaced marginal inscription and owner's stamp on f. 1r.</marc:subfield>
</marc:datafield>
    <marc:datafield ind1=" " ind2=" " tag="520">
  <marc:subfield code="a">Devotional treatise on the Muslim way of life and conduct. The author mentions various religious prescriptions and orthodox ordinances, vices connected with each body part, warns against feigned piety, hypocrisy and free-thinking. Three parts (ba&#x304;b) subdivided into fas&#x323;l and further divided into qism, s&#x323;anf, naw&#x2BB;. Authorities are quoted through initials and the abbreviations are explained in a table following the fihrist and preceding the opening of the book. There are marginal notes and comments.</marc:subfield>
</marc:datafield>
    <marc:datafield ind1=" " ind2=" " tag="524">
  <marc:subfield code="a">CAJS Rar Ms 138.</marc:subfield>
</marc:datafield>
    <marc:datafield ind1=" " ind2=" " tag="546">
  <marc:subfield code="a">Arabic.</marc:subfield>
</marc:datafield>
    <marc:datafield ind1="1" ind2=" " tag="561">
  <marc:subfield code="a">Formerly owned by the Dropsie College for Hebrew and Cognate Learning (bookplate inside front cover).</marc:subfield>
</marc:datafield>
    <marc:datafield ind1=" " ind2="0" tag="650">
  <marc:subfield code="a">Islam</marc:subfield>
  <marc:subfield code="x">Conduct of life</marc:subfield>
  <marc:subfield code="v">Early works to 1800.</marc:subfield>
</marc:datafield>
    <marc:datafield ind1=" " ind2="0" tag="650">
  <marc:subfield code="a">Islamic ethics</marc:subfield>
  <marc:subfield code="v">Early works to 1800.</marc:subfield>
</marc:datafield>
    <marc:datafield ind1=" " ind2="0" tag="650">
  <marc:subfield code="a">Islamic sermons, Arabic</marc:subfield>
  <marc:subfield code="v">Early works to 1800.</marc:subfield>
</marc:datafield>
    <marc:datafield ind1=" " ind2="0" tag="650">
  <marc:subfield code="a">Religious life</marc:subfield>
  <marc:subfield code="x">Islam</marc:subfield>
  <marc:subfield code="v">Early works to 1800.</marc:subfield>
</marc:datafield>
    <marc:datafield ind1=" " ind2="0" tag="650">
  <marc:subfield code="a">Muslims</marc:subfield>
  <marc:subfield code="x">Conduct of life</marc:subfield>
  <marc:subfield code="v">Early works to 1800.</marc:subfield>
</marc:datafield>
    <marc:datafield ind1=" " ind2="0" tag="655">
  <marc:subfield code="a">Manuscripts, Arabic</marc:subfield>
  <marc:subfield code="y">18th century.</marc:subfield>
</marc:datafield>
    <marc:datafield ind1=" " ind2="7" tag="655">
  <marc:subfield code="a">Codices (bound manuscripts)</marc:subfield>
  <marc:subfield code="2">aat</marc:subfield>
</marc:datafield>
    <marc:datafield ind1=" " ind2="7" tag="655">
  <marc:subfield code="a">Stamps (Provenance)</marc:subfield>
  <marc:subfield code="2">rbprov</marc:subfield>
</marc:datafield>
    <marc:datafield ind1=" " ind2="7" tag="655">
  <marc:subfield code="a">Annotations (Provenance)</marc:subfield>
  <marc:subfield code="2">rbprov</marc:subfield>
</marc:datafield>
    <marc:datafield ind1="1" ind2=" " tag="700">
  <marc:subfield code="6">880-04</marc:subfield>
  <marc:subfield code="a">Jari&#x304;m, Mus&#x323;t&#x323;afa&#x301; ibn Sulayma&#x304;n al-Qays&#x323;ari&#x304;,</marc:subfield>
  <marc:subfield code="e">scribe.</marc:subfield>
</marc:datafield>
    <marc:datafield ind1="2" ind2=" " tag="710">
  <marc:subfield code="a">Dropsie College for Hebrew and Cognate Learning,</marc:subfield>
  <marc:subfield code="e">former owner.</marc:subfield>
</marc:datafield>
    <marc:datafield ind1=" " ind2=" " tag="852">
  <marc:subfield code="b">Library at the Herbert D. Katz Center for Advanced Judaic Studies</marc:subfield>
  <marc:subfield code="a">University of Pennsylvania</marc:subfield>
  <marc:subfield code="e">420 Walnut Street, Philadelphia, Pennsylvania 19106-3703.</marc:subfield>
  <marc:subfield code="j">CAJS Rar Ms 138</marc:subfield>
</marc:datafield>
    <marc:datafield ind1="0" ind2=" " tag="880">
  <marc:subfield code="6">100-01//r</marc:subfield>
  <marc:subfield code="a">&#x628;&#x631;&#x643;&#x648;&#x64A; &#x645;&#x62D;&#x645;&#x62F; &#x627;&#x641;&#x646;&#x62F;&#x64A;&#x60C;</marc:subfield>
  <marc:subfield code="d">&#x646;&#x62D;&#x648; 1522-1573.</marc:subfield>
</marc:datafield>
    <marc:datafield ind1="1" ind2="0" tag="880">
  <marc:subfield code="6">240-02//r</marc:subfield>
  <marc:subfield code="a">&#x637;&#x631;&#x64A;&#x642;&#x629; &#x627;&#x644;&#x645;&#x62D;&#x645;&#x62F;&#x64A;&#x629;.</marc:subfield>
</marc:datafield>
    <marc:datafield ind1="1" ind2="0" tag="880">
  <marc:subfield code="6">245-03//r</marc:subfield>
  <marc:subfield code="a">&#x647;&#x630;&#x627; &#x643;&#x62A;&#x627;&#x628; &#x637;&#x631;&#x64A;&#x642;&#x629; &#x645;&#x62D;&#x645;&#x62F;&#x64A;&#x629; &#x648;&#x633;&#x64A;&#x631; &#x627;&#x62D;&#x645;&#x62F;&#x64A;&#x629;.</marc:subfield>
</marc:datafield>
    <marc:datafield ind1="1" ind2=" " tag="880">
  <marc:subfield code="6">700-04//r</marc:subfield>
  <marc:subfield code="a">&#x62C;&#x631;&#x64A;&#x645;&#x60C; &#x645;&#x635;&#x637;&#x641;&#x649; &#x628;&#x646; &#x633;&#x644;&#x64A;&#x645;&#x627;&#x646; &#x627;&#x644;&#x642;&#x64A;&#x635;&#x631;&#x64A;.</marc:subfield>
</marc:datafield>
    <marc:datafield ind1="3" ind2="0" tag="880">
  <marc:subfield code="6">246-05/(3/r</marc:subfield>
  <marc:subfield code="a">&#x637;&#x631;&#x64A;&#x642;&#x629; &#x645;&#x62D;&#x645;&#x62F;&#x64A;&#x629; &#x648;&#x633;&#x64A;&#x631; &#x627;&#x62D;&#x645;&#x62F;&#x64A;&#x629;.</marc:subfield>
</marc:datafield>
    <marc:datafield ind1=" " ind2=" " tag="948">
  <marc:subfield code="h">HELD BY PAU - 0 OTHER HOLDINGS</marc:subfield>
</marc:datafield>
    <marc:datafield ind1=" " ind2=" " tag="994">
  <marc:subfield code="a">Z0</marc:subfield>
  <marc:subfield code="b">PAU</marc:subfield>
</marc:datafield>
    <marc:datafield ind1=" " ind2=" " tag="996">
  <marc:subfield code="a">hinge-right</marc:subfield>
</marc:datafield>
    <marc:holdings>
      <marc:holding>
        <marc:holding_id>22321047290003681</marc:holding_id>
        <marc:call_number>CAJS Rar Ms 138</marc:call_number>
        <marc:library>KatzLib</marc:library>
        <marc:location>cjsrarms</marc:location>
      </marc:holding>
    </marc:holdings>
  </marc:record>
</marc:records>
